{
  "usd": 666.1056372973001,
  "btc": 0.005,
  "trades": [
    {
      "time": "2026-04-02T12:38:00.780021",
      "side": "buy",
      "price": 66898.55135135,
      "volume": 0.001,
      "value_usd": 66.89855135135001
    },
    {
      "time": "2026-04-02T12:43:26.396593",
      "side": "sell",
      "price": 66984.3772973,
      "volume": 0.001,
      "value_usd": 66.9843772973
    },
    {
      "time": "2026-04-02T13:07:57.704398",
      "side": "buy",
      "price": 66839.36216216,
      "volume": 0.001,
      "value_usd": 66.83936216216
    },
    {
      "time": "2026-04-02T13:14:00.434938",
      "side": "buy",
      "price": 66901.87891892,
      "volume": 0.001,
      "value_usd": 66.90187891892
    },
    {
      "time": "2026-04-02T13:19:32.682624",
      "side": "sell",
      "price": 66948.11,
      "volume": 0.001,
      "value_usd": 66.94811
    },
    {
      "time": "2026-04-02T13:26:43.102511",
      "side": "buy",
      "price": 66903.6672973,
      "volume": 0.001,
      "value_usd": 66.90366729729999
    },
    {
      "time": "2026-04-02T13:32:11.536961",
      "side": "sell",
      "price": 67022.43243243,
      "volume": 0.001,
      "value_usd": 67.02243243243
    },
    {
      "time": "2026-04-02T13:37:45.686395",
      "side": "sell",
      "price": 67027.33513514,
      "volume": 0.001,
      "value_usd": 67.02733513514
    },
    {
      "time": "2026-04-02T14:07:22.802696",
      "side": "buy",
      "price": 66936.08216216,
      "volume": 0.001,
      "value_usd": 66.93608216216
    },
    {
      "time": "2026-04-02T14:15:04.866030",
      "side": "buy",
      "price": 66790.00513514,
      "volume": 0.001,
      "value_usd": 66.79000513514
    },
    {
      "time": "2026-04-02T14:22:00.536969",
      "side": "buy",
      "price": 66898.94648649,
      "volume": 0.001,
      "value_usd": 66.89894648648999
    },
    {
      "time": "2026-04-02T14:28:49.816296",
      "side": "buy",
      "price": 66848.40243243,
      "volume": 0.001,
      "value_usd": 66.84840243242999
    },
    {
      "time": "2026-04-02T14:34:25.127690",
      "side": "buy",
      "price": 66859.72162162,
      "volume": 0.001,
      "value_usd": 66.85972162162001
    }
  ]
}